@unpublished{KW17,
  author    = {Kevin Wellenzohn and
               Michael B{\"o}hlen and
               Sven Helmer and
               Marcel Reutegger and
               Sherif Sakr},
  title     = {{A Workload-Aware Index for Tree-Structured Data}},
  note      = {To be published},
}

@book{TM11,
  author    = {M. Tamer {\"{O}}zsu and
               Patrick Valduriez},
  title     = {Principles of Distributed Database Systems, Third Edition},
  publisher = {Springer},
  year      = {2011},
  url       = {https://doi.org/10.1007/978-1-4419-8834-8},
  doi       = {10.1007/978-1-4419-8834-8},
  isbn      = {978-1-4419-8833-1},
  timestamp = {Mon, 29 May 2017 13:41:07 +0200},
  biburl    = {http://dblp.uni-trier.de/rec/bib/books/daglib/0029498},
  bibsource = {dblp computer science bibliography, http://dblp.org}
}


@book{GW02,
  author    = {Gerhard Weikum and
               Gottfried Vossen},
  title     = {Transactional Information Systems: Theory, Algorithms, and the Practice
               of Concurrency Control and Recovery},
  publisher = {Morgan Kaufmann},
  year      = {2002},
  isbn      = {1-55860-508-8},
  timestamp = {Mon, 28 Aug 2006 07:47:06 +0200},
  biburl    = {http://dblp.uni-trier.de/rec/bib/books/mk/WeikumV2002},
  bibsource = {dblp computer science bibliography, http://dblp.org}
}

@article{CM15,
  author    = {Christian Mathis and
               Theo H{\"{a}}rder and
               Karsten Schmidt and
               Sebastian B{\"{a}}chle},
  title     = {{XML} indexing and storage: fulfilling the wish list},
  journal   = {Computer Science - R{\&}D},
  volume    = {30},
  number    = {1},
  pages     = {51--68},
  year      = {2015},
  url       = {https://doi.org/10.1007/s00450-012-0204-6},
  doi       = {10.1007/s00450-012-0204-6},
  timestamp = {Sat, 27 May 2017 14:23:17 +0200},
  biburl    = {http://dblp.uni-trier.de/rec/bib/journals/ife/MathisH0B15},
  bibsource = {dblp computer science bibliography, http://dblp.org}
}
@article{HF73,
  title={Cryptography and computer privacy},
  author={Feistel, Horst},
  journal={Scientific american},
  volume={228},
  number={5},
  pages={15--23},
  year={1973},
  publisher={JSTOR}
}

@book{Cormen,
  author = {Cormen, Thomas H. and Leiserson, Charles E. and Rivest, Ronald L. and Stein, Clifford},
  title = {Introduction to Algorithms, Third Edition},
  year = {2009},
  isbn = {0262033844, 9780262033848},
  edition = {3rd},
  publisher = {The MIT Press}
}

@inproceedings{hyder,
  title={Hyder-A Transactional Record Manager for Shared Flash.},
  author={Bernstein, Philip A and Reid, Colin W and Das, Sudipto},
  booktitle={CIDR},
  volume={11},
  pages={9--12},
  year={2011}
}

@Inbook{Hainaut2009,
    editor="LIU, LING
    and {\"O}ZSU, M. TAMER",
    title="Encyclopedia of Database Systems",
    year="2009",
    publisher="Springer US",
    address="Boston, MA",
    isbn="978-0-387-39940-9",
    doi="10.1007/978-0-387-39940-9_189",
    url="https://doi.org/10.1007/978-0-387-39940-9_189"
}

@article{running-median,
    author = {Evans, John R.},
    title = {Running median filters and a general despiker},
    journal = {Bulletin of the Seismological Society of America},
    volume = {72},
    number = {1},
    pages = {331},
    year = {1982},
    doi = {},
    URL = { + http://dx.doi.org/ },
    eprint = {/gsw/content_public/journal/bssa/72/1/0037110672010020/3/bssa0720010331.pdf}
}

@InBook{cusp,
  title={Curves and Singularities: a geometrical introduction to singularity theory},
  author={Bruce, James William and Giblin, Peter J},
  year={1992},
  pages={5ff, 14, 147, 153ff},
  publisher={Cambridge university press}
}

@book{zipf,
  title={Human behavior and the principle of least effort: an introduction to human ecology},
  author={Zipf, G.K.},
  lccn={49007787},
  url={https://books.google.ch/books?id=1tx9AAAAIAAJ},
  year={1949},
  publisher={Addison-Wesley Press}
}
